@article{
  title ="The interaction between category theory and set theory",
  author="Andreas Blass",
}
@article{
  title="One universe as a foundation for category theory",
  author="Saunders Mac Lane"
}
@article{
  title="Foundations for category theory",
  author="Daniel Murfet"
}
